
@online {SolitonSite,
    title = "Solitary acoustic waves observed to propagate at a lipid membrane interface",
    author = "John Hewitt",
    date = "June 20, 2014",
    url = "https://phys.org/news/2014-06-solitary-acoustic-propagate-lipid-membrane.html"
}

@book {kuhn,
    title= "The Structure of Scientific Revolutions",
    author = "Thomas S. Kuhn",
    edition = 2,
    publication = "University of Chicago Press",
    year = 1970
}

@book{book:949176,
   title =     {Waves Called Solitons: Concepts and Experiments},
   author =    {Professor Dr. Michel Remoissenet (auth.)},
   publisher = {Springer-Verlag Berlin Heidelberg},
   year =      {1999},
   series =    {Advanced Texts in Physics},
   edition =   {3},
   volume =    {},
   }
   
@misc{assignment,
    title = "PSE Fall17-exam assignment",
    subtitle = "Assignment 1",
    publisher = "DTU",
    author = "Philosophy of Science",
    year = 2017
}

@book{lecture1slides,
    title = "What is Science? PSE 1, Fall 2017",
    author = "Martin Mose Bentzen",
    publisher = "DTU",
    year = 2017,
    pages = 23
}